<?xml version="1.0" encoding="UTF-8"?><record xmlns="http://www.loc.gov/MARC21/slim" xmlns:cinclude="http://apache.org/cocoon/include/1.0" xmlns:zs="http://www.loc.gov/zing/srw/">
  <leader>00680cz  a2200157n  4500</leader>
  <controlfield tag="001">n  92031603 </controlfield>
  <controlfield tag="003">DLC</controlfield>
  <controlfield tag="005">19951206052442.5</controlfield>
  <controlfield tag="008">920321n| acannaab|          |n aaa |||  </controlfield>
  <datafield tag="010" ind1=" " ind2=" ">
    <subfield code="a">n  92031603 </subfield>
  </datafield>
  <datafield tag="035" ind1=" " ind2=" ">
    <subfield code="a">(OCoLC)oca03135471 </subfield>
  </datafield>
  <datafield tag="040" ind1=" " ind2=" ">
    <subfield code="a">DLC</subfield>
    <subfield code="c">DLC</subfield>
    <subfield code="d">DLC</subfield>
    <subfield code="d">MoSU-L</subfield>
  </datafield>
  <datafield tag="100" ind1="1" ind2="0">
    <subfield code="a">Sharwood, Robin L.</subfield>
  </datafield>
  <datafield tag="670" ind1=" " ind2=" ">
    <subfield code="a">Australasian Fed. Conf. (1890 : Parliament House, Melbourne). Debates of the Australasian Federation Conference 1890 ... 1990:</subfield>
    <subfield code="b">t.p. (Robin Sharwood; prof. associate, Univ. of Melbourne)</subfield>
  </datafield>
  <datafield tag="670" ind1=" " ind2=" ">
    <subfield code="a">LC data base, 3-21-92</subfield>
    <subfield code="b">(hdg.: Sharwood, Robin L.; usage: Robin L. Sharwood)</subfield>
  </datafield>
  <datafield tag="670" ind1=" " ind2=" ">
    <subfield code="a">Regulating transport, 1962:</subfield>
    <subfield code="b">t.p. (Robin Lorimer Sharwood; S.J.D., Harvard Univ.)</subfield>
  </datafield>
</record>